@Book{Strutt1878,
  author    = {J.W. Strutt},
  publisher = {Macmillan},
  title     = {The theory of sound},
  year      = {1878},
  number    = {p. 164},
  volume    = {2},
}

@Article{Cooke1966,
  author  = {J. R. Cooke},
  journal = {Acta Biotheoretica},
  title   = {Some theoretical considerations in stomatal diffusion: A field theory approach},
  year    = {1966},
  pages   = {95-124},
  volume  = {17},
}

@Article{Brunn1984,
  author  = {P.O. Brunn and V.I. Fabrikant and T.S. Sankar},
  journal = {Quarterly Journal of Mechanics and Applied Mathematics},
  title   = {, Diffusion through membranes: Effect of a non-zero membrane thickness},
  year    = {1984},
  pages   = {311-324},
  volume  = {37},
}

@Article{Laktionov2023,
  author  = {M. Y. Laktionov and E. B. Zhulina and L. Klushin and R. P. Richter and O. V. Borisov},
  journal = {Macromol. Rapid Commun.},
  title   = {Selective colloid transport across planar polymer bushes},
  year    = {2023},
  number  = {2200980},
}

@Article{Fabrikant1985,
  author  = {V.I. Fabrikant},
  journal = {Journal of Applied Mathematics and Physics},
  title   = {On the potential flow through membranes},
  year    = {1985},
  pages   = {616-623},
  volume  = {36},
}

@Book{Risken1996,
  author    = {H. Risken},
  publisher = {Springer Berlin, Heidelberg},
  title     = {The Fokker-Planck Equation},
  year      = {1996},
  edition   = {2},
}

@Comment{jabref-meta: databaseType:bibtex;}
